@article{sauli,
	author = {F. Sauli},
	title = {A new concept for electron amplification in gas detectors},
	journaltitle = { Nucl. Instrum. and Methods. },
	year = {1997},
}
@article{shafr,
	author = {М.Д. Шафранов},
	title = {Микроструктурные газовые координатные детекторы },
	publisher = {Физика элементарных частиц и атомного ядра},
	year = {2002},
}
@article{buz,
	author = {А.Ф. Бузулуцков},
	title = {Физические основы работы каскадных газовых электронных умножителей},
	publisher = {Вестник НГУ},
	year = {2008},
}
@thesis{shechtman,
	author = {Л.И. Шехтман},
	title = {Быстродействующие координатные газовые детекторы высокого разрешения},
	type = {диссертация на соискание ученой степени доктора физико-математических наук},
	institution = {Институт ядерной физики им. Г.И.Будкера},
	year = {2012},
}

@online{ion,
	author = {Б.С. Ишханов and И.М. Капитонов and Э.И. Кэбин},
	publisher = {Частицы и ядра. Эксперимент},
	year = {2013},
	url = {http://nuclphys.sinp.msu.ru/experiment/detectors/ion.htm},
}

@article{bobr,
	author = {V.Bobrovnikov V.Kudryavtsev L.Shekhtman T.Maltsev},
	title = {Development of high-resolution GEM-based detector for the extracted electron beam facility at the VEPP-4M collider},
	journaltitle = {Journal of Instrumentation},
	year = {2017},
}

@article{blinov,
	author = {V.E. Blinov and V.O. Ivakin and V.V. Kaminskiy and V.N. Kudryavtsev and N.Yu. Muchnoi and S.A. Nikitin and I.B. Nikolaev and L.I. Shekhtman},
	title = {Laser Polarimeter at VEPP-4M},
	journaltitle = {Journal of Instrumentation},
	year = {2017},
}

@book{groupen,
	author = {Клаус Групен},
	title = {Детекторы элементарных частиц},
	year = {1999},
}
@article{peskov,
	author = {V. Peskov P. Fonte},
	title = {Research on discharges in micropattern and small gap gaseous detectors},
	publisher = {RD51 Collaboration},
	year = {2019},
}

@article{bukin,
	author = {Букин А.Д., Дербенев Я.С., Кондратенко А.М. и др.},
	title = {Препринт № 75-64 ИЯФ СО АН СССР.},
	publisher = {Труды V международного симпозиума по физике высоких энергий и элементарных частиц. (Варшава, 3–9 сентября 1975) Дубна, 1975.С. 138},
	year = {1975},
}
@report{sokolov,
	author = { А.~А.~Соколов, И.~М.~Тернов},
	title = { О~поляризационных и спиновых эффектах в~теории синхротронного излучения},
	type = {Докл. АН СССР},
	year = {1963},
}
@article{shatunov,
	author = {Yu.M. Shatunov},
	title = {Polarized Beams In Accelerators And Storage Rings.},
	publisher = {13th International Conference on High-energy Accelerators (HEACC 86)},
	year = {1986},
}

@article{skrinskii,
	author = {А. Н. Скринский and Ю. М. Шатунов},
	title = {Прецизионные измерения масс элементарных частиц на накопителях с поляризованными пучками},
	publisher = {Успехи физических наук},
	year = {1989},
	journal = {Усп. физ. наук},
	volume = {158},
	number = {6},
	pages = {315-326},
}


